<record><leader>00000cas a22000007a 4500</leader><controlfield tag="001">38846772</controlfield><controlfield tag="008">980325d1974197uvausr ne      0    0eng d</controlfield><controlfield tag="009">17563</controlfield><datafield ind1=" " ind2=" " tag="010"><subfield code="a">sn 98068341 </subfield></datafield><datafield ind1=" " ind2=" " tag="040"><subfield code="a">NVK</subfield><subfield code="b">eng</subfield><subfield code="c">NVK</subfield><subfield code="d">OCL</subfield><subfield code="d">NVK</subfield></datafield><datafield ind1="1" ind2=" " tag="029"><subfield code="a">AU@</subfield><subfield code="b">000013904157</subfield></datafield><datafield ind1=" " ind2=" " tag="042"><subfield code="a">msc</subfield></datafield><datafield ind1="0" ind2=" " tag="130"><subfield code="a">Valley voice (Radford, Va.)</subfield></datafield><datafield ind1="0" ind2="4" tag="245"><subfield code="a">The Valley voice.</subfield></datafield><datafield ind1=" " ind2=" " tag="260"><subfield code="a">Radford Va. :</subfield><subfield code="b">Radford Pub. Co.,</subfield><subfield code="c">1974-</subfield></datafield><datafield ind1=" " ind2=" " tag="300"><subfield code="a">v.</subfield></datafield><datafield ind1=" " ind2=" " tag="310"><subfield code="a">Semimonthly</subfield></datafield><datafield ind1="0" ind2=" " tag="362"><subfield code="a">Vol. 1, no. 1 (Aug. 14, 1974)-</subfield></datafield><datafield ind1=" " ind2=" " tag="500"><subfield code="a">Editor and Publisher: Greg Rooker.</subfield></datafield><datafield ind1=" " ind2=" " tag="580"><subfield code="a">Published, "together with the News journal providing saturation coverage of the New River Valley market," Aug. 14, 1974-</subfield></datafield><datafield ind1=" " ind2=" " tag="752"><subfield code="a">United States</subfield><subfield code="b">Virginia</subfield><subfield code="d">Radford.</subfield></datafield><datafield ind1="1" ind2=" " tag="787"><subfield code="t">News journal (Radford, Va. : 1954)</subfield><subfield code="w">(DLC)sn 98068334</subfield></datafield></record>